@article{Tapir,
  author    = {rene Zhang,Naveen Kr. Sharma,Adriana Szekeres,Arvind Krishnamurthy,Dan R. K. Ports},
  title     = {Building Consistent Transactions with Inconsistent Replication},
  journal   = {In Proceedings of ACM Symposium on Operating Systems Principles (SOSP)},
  year      = {2015},
}
@article{Janus,
  author    = {Shuai Mu, Lamont Nelson, Wyatt Lloyd, and Jinyang Li},
  title     = {Consolidating Concurrency Control and Consensus for Commits under Conﬂicts},
  journal   = {In Proceedings of USENIX Symposium on Opearting Systems Design and Implementation (OSDI)},
  year      = {2016},
}
@article{OV,
  author    = {Hua Fan, Wojciech Golab},
  title     = {Ocean Vista: Gossip-Based Visibility Control for Speedy Geo-Distributed Transactions},
  journal   = {In Proceedings of International Conference on Very Large Data Bases (VLDB)},
  year      = {2019},
}
@article{SLOG,
  author    = {Kun Ren, Dennis Li, Daniel J. Abadi},
  title     = {SLOG: Serializable, Low-latency, Geo-replicated Transactions},
  journal   = {In Proceedings of International Conference on Very Large Data Bases (VLDB)},
  year      = {2019},
}
@article{SPanner,
  author    = {James C. Corbett, Jeffrey Dean, Michael Epstein},
  title     = {Spanner: Google’s Globally-Distributed Database},
  journal   = {In Proceedings of USENIX Symposium on Opearting Systems Design and Implementation (OSDI)},
  year      = {2012},
}
@article{TPCC,
  author    = {http://www.tpc.org/tpcc/},
  title     = {TPC-C Benchmark},
  journal   = { },
  year      = { },
}
@article{TPCA,
  author    = {http://www.tpc.org/tpcc/},
  title     = {TPC-A Benchmark},
  journal   = { },
  year      = { },
}
@article{Retwis,
  author    = {A. Dey, A. Fekete, and U. R¨ohm},
  title     = {Scalable transactions across heterogeneous NoSQL key-value data stores},
  journal   = {In Proceedings of International Conference on Very Large Data Bases (VLDB)},
  year      = {2013},
}
@article{OCC,
  author    = {A. Adya, R. Gruber, B. Liskov, and U. Maheshwari},
  title     = {Efﬁcient optimistic concurrency control using loosely synchronized clocks},
  journal   = {In Proceedings of ACM International Conference on Management of Data (SIGMOD)},
  year      = {1995},
}
@article{FastPaxos,
  author    = {L. Lamport},
  title     = {Fast Paxos},
  journal   = {Distributed Computing},
  year      = {2006},
}
@article{Paxos,
  author    = {L. Lamport},
  title     = {Paxos made simple},
  journal   = {ACM Sigact News},
  year      = {2001},
}

@article{Partition,
  author    = {Michael Stonebraker, Samuel Madden, Daniel J. Abadi, Stavros Harizopoulos},
  title     = {The End of an Architectural Era(It’s Time for a Complete Rewrite)},
  journal   = {Networks and Mobile Systems},
  year      = {2007},
}
@article{MultiDBTXN1,
  author    = {T. Kraska, G. Pang, M. J. Franklin, S. Madden, and A. Fekete},
  title     = {MDCC: Multi-data center consistency},
  journal   = {In Proceedings of ACM European Conference on Computer Systems (EuroSys)},
  year      = {2013},
}
@article{MultiDBTXN2,
  author    = {D. J. Rosenkrantz, R. E. Stearns, and P. M. Lewis II},
  title     = {System level concurrency control for distributed database systems},
  journal   = {ACM Transactions on Database Systems (TODS)},
  year      = {1978},
}
@article{MultiDBTXN3,
  author    = {Y. Sovran, R. Power, M. K. Aguilera, and J. Li},
  title     = {Transactional storage for geo-replicated systems},
  journal   = {In Proceedings of ACM Symposium on Operating Systems Principles (SOSP)},
  year      = {2011},
}
@article{MasterPartition1,
  author    = {A. J. Elmore, V. Arora, R. Taft, A. Pavlo, D. Agrawal, and A. El Abbadi},
  title     = {Squall: Fine-grained live reconﬁguration for partitioned main memory databases},
  journal   = {In Proceedings of ACM International Conference on Management of Data (SIGMOD)},
  year      = {2015},
}
@article{MasterPartition2,
  author    = {J. M. Faleiro and D. J. Abadi},
  title     = {Abadi. Rethinking Serializable Multiversion Concurrency Control},
  journal   = {PVLDB},
  year      = {2015},
}
@article{MasterPartition3,
  author    = {Y. Breitbart, H. Garcia-Molina, and A. Silberschatz},
  title     = {Overview of Multidatabase Transaction Management},
  journal   = {The VLDB Journal},
  year      = {1992},
}
@article{Consistencymodel,
  author    = {W. Lloyd, M. J. Freedman, M. Kaminsky, and D. G Andersen},
  title     = {Don’t Settle for Eventual: Scalable Causal Consistency for Wide-Area Storage with COPS},
  journal   = {In Proceedings of ACM Symposium on Operating Systems Principles (SOSP)},
  year      = {2011},
}
@article{Log,
  author    = {C. Liu, B. G. Lindsay, S. Bourbonnais, E. Hamel, T. C.Truong, and J. Stankiewitz},
  title     = {Capturing Global Transactions from Multiple Recovery Log Files in a Partitioned Database System},
  journal   = {In Proceedings of the International Conference on Very Large Data Bases (VLDB)},
  year      = {2003},
}


·